
@article{BoehmB01top-10,
  author     = {Boehm, Barry and Basili, Victor R.},
  title      = {Software Defect Reduction Top 10 List},
  journal    = {Computer},
  issue_date = {January 2001},
  volume     = {34},
  number     = {1},
  month      = jan,
  year       = {2001},
  issn       = {0018-9162},
  pages      = {135--137},
  numpages   = {3},
  doi        = {10.1109/2.962984},
  publisher  = {IEEE Computer Society Press},
  address    = {Los Alamitos, CA, USA}
} 

% Sort von Neumann under N!
@book{von1947theory,
  title     = {Theory of games and economic behavior},
  author    = {\noopsort{Neumann}{von Neumann}, John and Morgenstern, Oskar},
  year      = {1947},
  publisher = {Princeton University Press}
}

@article{sawilowsky09es,
  author  = {Sawilowsky, S. S.},
  title   = {New effect size rules of thumb},
  volume  = 8,
  year    = 2009,
  issue   = 2,
  pages   = {597--599},
  journal = {Journal of Modern Applied Statistical Methods}
}

@book{cohen1988spa,
  author    = {Cohen, J.},
  publisher = {Lawrence Erlbaum Associates},
  title     = {Statistical Power Analysis for the Behavioral Sciences},
  year      = 1988
}

@article{kruschke18rope,
  author  = {John K. Kruschke},
  title   = {Rejecting or accepting parameter values in {B}ayesian estimation},
  journal = {Advances in Methods and Practices in Psychological Science},
  volume  = {},
  number  = {},
  pages   = {},
  year    = {2018},
  doi     = {10.1177/2515245918771304}
}

@article{KahnemanT79prosp,
  title   = {Prospect Theory: {A}n Analysis of Decision under Risk},
  author  = {Kahneman, Daniel and Tversky, Amos},
  year    = {1979},
  journal = {Econometrica},
  volume  = {47},
  number  = {2},
  pages   = {263--291}
}

@article{Tversky1992,
  author  = {Tversky, Amos
and Kahneman, Daniel},
  title   = {Advances in prospect theory: {C}umulative representation of uncertainty},
  journal = {Journal of Risk and Uncertainty},
  year    = {1992},
  month   = {Oct},
  day     = {01},
  volume  = {5},
  number  = {4},
  pages   = {297--323},
  issn    = {1573-0476},
  doi     = {10.1007/BF00122574}
}

 @article{loo,
  title   = {Practical {B}ayesian model evaluation using leave-one-out
      cross-validation and {WAIC}},
  author  = {Aki Vehtari and Andrew Gelman and Jonah Gabry},
  year    = {2017},
  journal = {Statistics and Computing},
  volume  = {27},
  issue   = {5},
  pages   = {1413--1432},
  doi     = {10.1007/s11222-016-9696-4}
}

@article{brms,
  title   = {{brms}: An {R} Package for {Bayesian} Multilevel Models
      Using {Stan}},
  author  = {Paul-Christian B\"urkner},
  journal = {Journal of Statistical Software},
  year    = {2017},
  volume  = {80},
  number  = {1},
  pages   = {1--28},
  doi     = {10.18637/jss.v080.i01}
}
  
    @manual{R,
  title        = {R: A Language and Environment for Statistical Computing},
  author       = {{R Core Team}},
  organization = {R Foundation for Statistical Computing},
  address      = {Vienna, Austria},
  year         = {2018},
  url          = {https://www.R-project.org/}
}
  
  @manual{pt,
  title        = {pt: An {R} package for {P}rospect {T}heory},
  author       = {Gary Au},
  organization = {The University of Melbourne},
  address      = {Victoria, Australia},
  year         = {2014}
}

    @manual{stan-man,
  title   = {Stan Modeling Language Users Guide and Reference Manual},
  year    = 2017,
  author  = {{Stan Development Team}},
  version = {2.17.0},
  url     = {http://mc-stan.org}
}
    
  @article{stan,
  author  = {Bob Carpenter and Andrew Gelman and Matthew Hoffman and Daniel Lee and Ben Goodrich and Michael Betancourt and Marcus Brubaker and Jiqiang Guo and Peter Li and Allen Riddell},
  title   = {Stan: {A} Probabilistic Programming Language},
  journal = {Journal of Statistical Software},
  volume  = {76},
  number  = {1},
  year    = {2017},
  issn    = {1548-7660},
  pages   = {1--32},
  doi     = {10.18637/jss.v076.i01}
}

@article{SimpsonRMRS14,
  author        = {Simpson, D.~P. and Rue, H. and Martins, T.~G. and Riebler, A. and S{\o}rbye, S.~H.},
  title         = {Penalising model component complexity: {A} principled, practical approach to constructing priors},
  journal       = {ArXiv e-prints},
  archiveprefix = {arXiv},
  eprint        = {1403.4630},
  primaryclass  = {stat.ME},
  keywords      = {Statistics - Methodology},
  year          = 2014,
  month         = mar
}


@article{GabrySVBG17,
  author        = {Gabry, J. and Simpson, D. and Vehtari, A. and Betancourt, M. and Gelman, A.},
  title         = {Visualization in {B}ayesian workflow},
  journal       = {ArXiv e-prints},
  archiveprefix = {arXiv},
  eprint        = {1709.01449},
  primaryclass  = {stat.ME},
  keywords      = {Statistics - Methodology, Statistics - Applications},
  year          = 2017,
  month         = sep
}

@article{hassan2017MLM,
  author  = {Hassan, Safwat
and Tantithamthavorn, Chakkrit
and Bezemer, Cor-Paul
and Hassan, Ahmed E.},
  title   = {Studying the dialogue between users and developers of free apps in the {G}oogle {P}lay {S}tore},
  journal = {Empirical Software Engineering},
  year    = {2017},
  month   = {Sep},
  day     = {08},
  issn    = {1573-7616},
  doi     = {10.1007/s10664-017-9538-9}
}

@article{rodriguez18repro,
  title   = {Reproducibility and credibility in empirical software engineering: {A} case study based on a systematic literature review of the use of the {SZZ} algorithm},
  journal = {Information and Software Technology},
  volume  = {99},
  pages   = {164--176},
  year    = {2018},
  issn    = {0950-5849},
  doi     = {10.1016/j.infsof.2018.03.009},
  author  = {Gema Rodríguez-Pérez and Gregorio Robles and Jesús M. González-Barahona}
}

@article{betancourt17hmc,
  author        = {Betancourt, M.},
  title         = {A Conceptual Introduction to {H}amiltonian {M}onte {C}arlo},
  journal       = {ArXiv e-prints},
  archiveprefix = {arXiv},
  eprint        = {1701.02434},
  primaryclass  = {stat.ME},
  keywords      = {Statistics - Methodology},
  year          = 2017,
  month         = jan
}

@article{furia16bayes,
  author        = {{Furia}, C. A.},
  title         = {Bayesian Statistics in Software Engineering: {P}ractical Guide and Case Studies},
  journal       = {ArXiv e-prints},
  archiveprefix = {arXiv},
  eprint        = {1608.06865},
  primaryclass  = {cs.SE},
  keywords      = {Computer Science - Software Engineering},
  year          = 2016,
  month         = aug
}


@inproceedings{ehrlich12MLM,
  author    = {Ehrlich, Kate and Cataldo, Marcelo},
  title     = {All-for-one and One-for-all?: {A} Multi-level Analysis of Communication Patterns and Individual Performance in Geographically Distributed Software Development},
  booktitle = {Proceedings of the ACM 2012 Conference on Computer Supported Cooperative Work},
  series    = {CSCW '12},
  year      = {2012},
  isbn      = {978-1-4503-1086-4},
  location  = {Seattle, Washington, USA},
  pages     = {945--954},
  numpages  = {10},
  doi       = {10.1145/2145204.2145345},
  publisher = {ACM},
  address   = {New York, NY, USA}
} 

@inproceedings{ernst18MLM,
  author    = {Neil A. Ernst},
  title     = {Bayesian Hierarchical Modelling for Tailoring Metric Thresholds},
  booktitle = {Proceedings of the 15th International Conference on Mining Software Repositories},
  series    = {MSR '18},
  year      = {2018},
  location  = {Gothenburg, Sweden},
  pages     = {pp},
  numpages  = {5},
  doi       = {10.1145/3196398.3196443},
  publisher = {IEEE Press},
  address   = {Piscataway, NJ, USA}
} 


@article{benjamin17ssd,
  title     = {Redefine statistical significance},
  doi       = {10.1038/s41562-017-0189-z},
  publisher = {Nature},
  journal   = {Nature Human Behaviour},
  author    = {D. J. Benjamin and others},
  issue     = {1},
  volume    = {2},
  pages     = {6--10},
  year      = {2018},
  issn      = {2397-3374}
}

@article{Itkonen13ML,
  author     = {Itkonen, Juha and M{\"a}ntyl{\"a}, Mika V. and Lassenius, Casper},
  title      = {The Role of the Tester's Knowledge in Exploratory Software Testing},
  journal    = {IEEE Transactions on Software Engineering},
  issue_date = {May 2013},
  volume     = {39},
  number     = {5},
  month      = may,
  year       = {2013},
  issn       = {0098-5589},
  pages      = {707--724},
  numpages   = {18},
  doi        = {10.1109/TSE.2012.55},
  publisher  = {IEEE Press},
  address    = {Piscataway, NJ, USA}
} 

@article{ItkonenM14exp,
  author  = {Itkonen, Juha
and M{\"a}ntyl{\"a}, Mika V.},
  title   = {Are test cases needed? Replicated comparison between exploratory and test-case-based software testing},
  journal = {Empirical Software Engineering},
  year    = {2014},
  month   = {Apr},
  day     = {01},
  volume  = {19},
  number  = {2},
  pages   = {303--342},
  issn    = {1573-7616},
  doi     = {10.1007/s10664-013-9266-8}
}


@article{AfzalGITAB2015et,
  author  = {Afzal, Wasif
and Ghazi, Ahmad Nauman
and Itkonen, Juha
and Torkar, Richard
and Andrews, Anneliese
and Bhatti, Khurram},
  title   = {An experiment on the effectiveness and efficiency of exploratory testing},
  journal = {Empirical Software Engineering},
  year    = {2015},
  day     = {01},
  volume  = {20},
  number  = {3},
  pages   = {844--878},
  issn    = {1573-7616},
  doi     = {10.1007/s10664-014-9301-4}
}


@article{dutilh2017prereg,
  author  = {Dutilh, Gilles
and Vandekerckhove, Joachim
and Ly, Alexander
and Matzke, Dora
and Pedroni, Andreas
and Frey, Renato
and Rieskamp, J{\"o}rg
and Wagenmakers, Eric-Jan},
  title   = {A test of the diffusion model explanation for the worst performance rule using preregistration and blinding},
  journal = {Attention, Perception, {\&} Psychophysics},
  year    = {2017},
  month   = {Apr},
  day     = {01},
  volume  = {79},
  number  = {3},
  pages   = {713--725},
  issn    = {1943-393X},
  doi     = {10.3758/s13414-017-1304-y}
}

@article{TrafimowM15,
  author  = {D. Trafimow and M. Marks},
  title   = {Editorial},
  journal = {Basic and Applied Social Psychology},
  volume  = {37},
  number  = {1},
  pages   = {1--2},
  year    = {2015},
  doi     = {10.1080/01973533.2015.1012991}
}

@article{gelman17abandon,
  author        = {B. B. McShane and D. Gal and A. Gelman and C. Robert and 
	J. L. Tackett},
  title         = {Abandon Statistical Significance},
  journal       = {ArXiv e-prints},
  archiveprefix = {arXiv},
  eprint        = {1709.07588},
  primaryclass  = {stat.ME},
  year          = 2017,
  month         = sep
}

@article{gelman18failure,
  author  = {Andrew Gelman},
  title   = {The Failure of Null Hypothesis Significance Testing When Studying Incremental Changes, and What to Do About It},
  journal = {Personality and Social Psychology Bulletin},
  volume  = {44},
  number  = {1},
  pages   = {16-23},
  year    = {2018},
  doi     = {10.1177/0146167217729162}
}


@article{TorkarFNG17arxiv,
  author        = {Richard Torkar and
               Robert Feldt and
               Francisco Gomes de Oliveira Neto and
               Lucas Gren},
  title         = {Statistical and practical significance of empirical software engineering research: {A} maturity model},
  journal       = {CoRR},
  volume        = {abs/1706.00933},
  year          = {2017},
  archiveprefix = {arXiv},
  eprint        = {1706.00933}
}

@inproceedings{petersenW2009context,
  author    = {Kai Petersen and Claes Wohlin},
  title     = {Context in industrial software engineering research},
  booktitle = {Proceedings of the 3rd International Symposium on Empirical Software Engineering and Measurement},
  series    = {ESEM '09},
  year      = {2009},
  isbn      = {978-1-4244-4842-5},
  pages     = {401--404},
  numpages  = {4},
  doi       = {10.1109/ESEM.2009.5316010},
  publisher = {IEEE Computer Society},
  address   = {Washington, DC, USA}
}

@article{briand17context,
  author  = {Lionel C. Briand and
               Domenico Bianculli and
               Shiva Nejati and
               Fabrizio Pastore and
               Mehrdad Sabetzadeh},
  title   = {The Case for Context-Driven Software Engineering Research: {G}eneralizability
               Is Overrated},
  journal = {{IEEE} Software},
  volume  = {34},
  number  = {5},
  pages   = {72--75},
  year    = {2017},
  doi     = {10.1109/MS.2017.3571562}
}

@book{jaynes03prob,
  author    = {Edwin T. Jaynes},
  publisher = {Cambridge University Press},
  title     = {Probability theory: {T}he logic of science},
  year      = {2003}
}

@book{gelman2013bayesian,
  title     = {Bayesian data analysis},
  author    = {Gelman, A. and Carlin, J.B. and Stern, H.S. and Dunson, D.B. and Vehtari, A. and Rubin, D.B.},
  isbn      = {9781439840955},
  edition   = {3rd},
  series    = {Chapman \& Hall\slash CRC Texts in Statistical Science},
  year      = {2013},
  publisher = {Taylor \& Francis}
}

@book{robert2007bayesian,
  title     = {The {B}ayesian choice: {F}rom decision-theoretic foundations to computational implementation},
  author    = {Robert, C.},
  isbn      = {9780387715988},
  series    = {Springer Texts in Statistics},
  year      = {2007},
  publisher = {Springer, New York}
}

@book{mcelreath20SR,
  author    = {McElreath, Richard},
  publisher = {CRC Press},
  title     = {Statistical Rethinking: {A} {B}ayesian Course with Examples in {R} and {S}tan},
  edition   = {2nd},
  year      = {2020}
}


@article{gelman16answer,
  author  = {A. Gelman},
  title   = {The problems with $p$-values are not just with $p$-values},
  note    = {Supplemental material to the {ASA} statement on $p$-values and statistical significance},
  volume  = {10},
  journal = {American Statistician},
  year    = {2016}
}

@article{asa16pvalue,
  author    = {R. L. Wasserstein and N. A. Lazar},
  title     = {The {ASA}'s Statement on $p$-Values: {C}ontext, Process, and Purpose},
  journal   = {The American Statistician},
  volume    = {70},
  number    = {2},
  pages     = {129--133},
  year      = {2016},
  publisher = {Taylor \& Francis},
  doi       = {10.1080/00031305.2016.1154108}
}

@book{wohlin12exp,
  author    = {C. Wohlin and P. Runeson and M. H\"ost and M. C. Ohlsson and B. Regnell and A. Wessl\'en},
  title     = {Experimentation in Software Engineering},
  year      = {2012},
  isbn      = {3642290434},
  publisher = {Springer Publishing Company}
} 

@article{parnas99se,
  author  = {D. L. Parnas},
  journal = {IEEE Software},
  title   = {Software engineering programs are not computer science programs},
  year    = {1999},
  volume  = {16},
  number  = {6},
  pages   = {19--30},
  doi     = {10.1109/52.805469},
  issn    = {0740-7459},
  month   = {Nov}
}

@article{Knuth72cs,
  author    = {D. E. Knuth},
  title     = {George {F}orsythe and the Development of Computer Science},
  journal   = {Communications of the ACM},
  volume    = {15},
  number    = {8},
  month     = aug,
  year      = {1972},
  issn      = {0001-0782},
  pages     = {721--726},
  doi       = {10.1145/361532.361538},
  publisher = {ACM},
  address   = {New York, NY, USA}
} 

@article{ioannidis05false,
  author    = {J. P. A. Ioannidis},
  journal   = {PLOS Medicine},
  publisher = {Public Library of Science},
  title     = {Why Most Published Research Findings Are False},
  year      = {2005},
  month     = {08},
  volume    = {2},
  pages     = {},
  number    = {8},
  doi       = {10.1371/journal.pmed.0020124}
}

@article{ioannidis16false,
  author    = {J. P. A. Ioannidis},
  journal   = {PLOS Medicine},
  publisher = {Public Library of Science},
  title     = {Why Most Clinical Research Is Not Useful},
  year      = {2016},
  month     = {06},
  volume    = {13},
  pages     = {1--10},
  number    = {6},
  doi       = {10.1371/journal.pmed.1002049}
}

@article{ioannidis05contra,
  author  = {J. P. A. Ioannidis},
  title   = {Contradicted and initially stronger effects in highly cited clinical
    research},
  journal = {JAMA},
  volume  = {294},
  number  = {2},
  pages   = {218--228},
  year    = {2005},
  doi     = {10.1001/jama.294.2.218}
}

@article{Glick92account,
  author    = {J. L. Glick},
  title     = {Scientific data audit---{A} key management tool},
  journal   = {Accountability in Research},
  volume    = {2},
  number    = {3},
  pages     = {153--168},
  year      = {1992},
  publisher = {Taylor \& Francis},
  doi       = {10.1080/08989629208573811}
}

@article{john12qrp,
  author  = {L. K. John and G. Loewenstein and D. Prelec},
  title   = {Measuring the Prevalence of Questionable Research Practices With Incentives for Truth Telling},
  journal = {Psychological Science},
  volume  = {23},
  number  = {5},
  pages   = {524--532},
  year    = {2012},
  doi     = {10.1177/0956797611430953}
}

@article{shanks13priming,
  author    = {D. R. Shanks and others},
  journal   = {PLOS ONE},
  publisher = {Public Library of Science},
  title     = {Priming Intelligent Behavior: {A}n Elusive Phenomenon},
  year      = {2013},
  month     = {04},
  volume    = {8},
  pages     = {1--10},
  number    = {4},
  doi       = {10.1371/journal.pone.0056515}
}

@article{hunter01repl,
  author  = {J. E. Hunter},
  title   = {The Desperate Need for Replications},
  journal = {Journal of Consumer Research},
  volume  = {28},
  number  = {1},
  pages   = {149--158},
  year    = {2001},
  doi     = {10.1086/321953}
}

@article{ioannidsSD17bias,
  author  = {J. P. A. Ioannidis and T. D. Stanley and H. Doucouliagos},
  title   = {The Power of Bias in Economics Research},
  journal = {The Economic Journal},
  volume  = {127},
  year    = {2017},
  number  = {605},
  pages   = {F236--F265},
  doi     = {10.1111/ecoj.12461}
}

@article{camerer16repl,
  author    = {C. F. Camerer and others},
  title     = {Evaluating replicability of laboratory experiments in economics},
  volume    = {351},
  number    = {6280},
  pages     = {1433--1436},
  year      = {2016},
  doi       = {10.1126/science.aaf0918},
  publisher = {American Association for the Advancement of Science},
  issn      = {0036-8075},
  journal   = {Science}
}

@article{aa15crisis,
  author    = {A. A. Aarts and others},
  title     = {Estimating the reproducibility of psychological science},
  volume    = {349},
  number    = {6251},
  year      = {2015},
  doi       = {10.1126/science.aac4716},
  publisher = {American Association for the Advancement of Science},
  issn      = {0036-8075},
  journal   = {Science}
}

@article{torkarFGG17SMM,
  author        = {R. Torkar and R. Feldt and F. Gomes de Oliveira Neto and L. Gren},
  title         = {Statistical and practical significance of empirical software engineering research: {A} maturity model},
  journal       = {ArXiv e-prints},
  archiveprefix = {arXiv},
  eprint        = {1706.00933},
  primaryclass  = {cs.SE},
  keywords      = {Computer Science - Software Engineering},
  year          = 2017,
  month         = Jun
}

@inproceedings{NetoTM15rep,
  author    = {F. G. de Oliveira Neto and R. Torkar and P. D. L. Machado},
  title     = {An Initiative to Improve Reproducibility and Empirical Evaluation of Software Testing Techniques},
  booktitle = {Proceedings of the 37th International Conference on Software Engineering---Volume 2},
  series    = {ICSE '15},
  year      = {2015},
  location  = {Florence, Italy},
  pages     = {575--578},
  numpages  = {4},
  doi       = {10.1109/ICSE.2015.197},
  publisher = {IEEE Press},
  address   = {Piscataway, NJ, USA}
} 

@article{MoreyHRLW2016CI,
  author  = {Morey, Richard D.
and Hoekstra, Rink
and Rouder, Jeffrey N.
and Lee, Michael D.
and Wagenmakers, Eric-Jan},
  title   = {The fallacy of placing confidence in confidence intervals},
  journal = {Psychonomic Bulletin {\&} Review},
  year    = {2016},
  volume  = {23},
  number  = {1},
  pages   = {103--123},
  issn    = {1531-5320},
  doi     = {10.3758/s13423-015-0947-8}
}

@article{Nuzzo14errors,
  author  = {Nuzzo, Regina},
  day     = {12},
  doi     = {10.1038/506150a},
  issn    = {0028-0836},
  journal = {Nature},
  month   = feb,
  number  = {7487},
  pages   = {150--152},
  title   = {Scientific method: {S}tatistical errors},
  volume  = {506},
  year    = {2014}
}

@article{Woolston15pvalues,
  author  = {Woolston, Chris},
  day     = {26},
  doi     = {10.1038/519009f},
  issn    = {0028-0836},
  journal = {Nature},
  month   = feb,
  number  = {7541},
  pages   = {9},
  title   = {Psychology journal bans {$P$} values},
  volume  = {519},
  year    = {2015}
}
